<?xml version="1.0" encoding="UTF-8"?><collection xmlns="http://www.loc.gov/MARC21/slim"><record><leader>00492nam--2200181-u-4500</leader><controlfield tag="001">000053284</controlfield><controlfield tag="002">20161230</controlfield><controlfield tag="005">20161230201051</controlfield><controlfield tag="008">110119s1000------------r-----000-0-fre-d</controlfield><datafield ind1=" " ind2=" " tag="040"><subfield code="a">IFIN-HH</subfield></datafield><datafield ind1=" " ind2=" " tag="041"><subfield code="a">fre</subfield></datafield><datafield ind1=" " ind2=" " tag="080"><subfield code="a">533.9(043)</subfield></datafield><datafield ind1="1" ind2=" " tag="100"><subfield code="a">Graff, Philippe</subfield></datafield><datafield ind1="1" ind2="0" tag="245"><subfield code="a">Echos ionospheriques aux frequences de plasma et hybride haute</subfield><subfield code="b">These</subfield><subfield code="c">Philippe graff</subfield></datafield><datafield ind1=" " ind2=" " tag="260"><subfield code="a">Paris</subfield><subfield code="b">Universite Paris Vii</subfield><subfield code="c">1971</subfield></datafield><datafield ind1=" " ind2=" " tag="300"><subfield code="a">200P</subfield></datafield><datafield ind1=" " ind2=" " tag="852"><subfield code="a">77780</subfield><subfield code="c">533.9</subfield></datafield><datafield ind1=" " ind2=" " tag="CAT"><subfield code="a">Sys</subfield><subfield code="c">20110119</subfield><subfield code="h">102234</subfield></datafield></record></collection>